<?xml version="1.0" encoding="UTF-8" standalone="no"?><searchRetrieveResponse xmlns="http://www.loc.gov/zing/srw/">
  <version>1.2</version>
  <numberOfRecords>1</numberOfRecords>
  <records>
    <record>
      <recordSchema>marcxml</recordSchema>
      <recordPacking>xml</recordPacking>
      <recordData>
        <record xmlns="http://www.loc.gov/MARC21/slim">
          <leader>01155ncm a2200337 c 4500</leader>
          <controlfield tag="001">991105576979705501</controlfield>
          <controlfield tag="005">20240830154603.0</controlfield>
          <controlfield tag="008">110310s1976    gw ||a              zxx^^</controlfield>
          <datafield ind1=" " ind2=" " tag="019">
            <subfield code="a">Erscheinungsjahr der Verlagsreklame entn.</subfield>
            <subfield code="5">IDSBB/2011.03.10/mrf</subfield>
          </datafield>
          <datafield ind1="2" ind2="2" tag="028">
            <subfield code="a">J.B.4</subfield>
          </datafield>
          <datafield ind1=" " ind2=" " tag="035">
            <subfield code="a">(swissbib)064846431-41slsp_network</subfield>
          </datafield>
          <datafield ind1=" " ind2=" " tag="035">
            <subfield code="a">064846431</subfield>
            <subfield code="9">ExL</subfield>
          </datafield>
          <datafield ind1=" " ind2=" " tag="035">
            <subfield code="a">(IDSBB)005589006DSV01</subfield>
          </datafield>
          <datafield ind1=" " ind2=" " tag="040">
            <subfield code="a">SzZuIDS BS/BE B420</subfield>
            <subfield code="e">kids</subfield>
            <subfield code="d">CH-ZuSLS</subfield>
          </datafield>
          <datafield ind1=" " ind2="7" tag="072">
            <subfield code="a">mu</subfield>
            <subfield code="2">SzZuIDS BS/BE</subfield>
          </datafield>
          <datafield ind1="1" ind2="4" tag="082">
            <subfield code="a">780</subfield>
            <subfield code="2">15</subfield>
          </datafield>
          <datafield ind1="1" ind2=" " tag="100">
            <subfield code="a">Brahms, Johannes</subfield>
            <subfield code="d">1833-1897</subfield>
            <subfield code="0">(DE-588)118514253</subfield>
          </datafield>
          <datafield ind1="1" ind2="0" tag="240">
            <subfield code="a">Sinfonien</subfield>
            <subfield code="m">op. 98</subfield>
          </datafield>
          <datafield ind1="1" ind2="0" tag="245">
            <subfield code="a">Symphonie Nr. 4, op. 98</subfield>
            <subfield code="b">e-moll = E minor = mi mineur</subfield>
            <subfield code="c">Brahms</subfield>
          </datafield>
          <datafield ind1=" " ind2="1" tag="264">
            <subfield code="a">Wiesbaden</subfield>
            <subfield code="b">Breitkopf &amp; Härtel</subfield>
            <subfield code="c">[1976]</subfield>
          </datafield>
          <datafield ind1=" " ind2=" " tag="300">
            <subfield code="a">1 Partitur (98 S.)</subfield>
          </datafield>
          <datafield ind1=" " ind2=" " tag="336">
            <subfield code="b">ntm</subfield>
            <subfield code="2">rdacontent</subfield>
          </datafield>
          <datafield ind1=" " ind2=" " tag="337">
            <subfield code="b">n</subfield>
            <subfield code="2">rdamedia</subfield>
          </datafield>
          <datafield ind1=" " ind2=" " tag="338">
            <subfield code="b">nc</subfield>
            <subfield code="2">rdacarrier</subfield>
          </datafield>
          <datafield ind1=" " ind2=" " tag="348">
            <subfield code="a">Partitur</subfield>
            <subfield code="2">gnd-music</subfield>
          </datafield>
          <datafield ind1=" " ind2=" " tag="348">
            <subfield code="a">partition</subfield>
            <subfield code="2">gnd-music/fre</subfield>
          </datafield>
          <datafield ind1=" " ind2=" " tag="348">
            <subfield code="a">partitura</subfield>
            <subfield code="2">gnd-music/ita</subfield>
          </datafield>
          <datafield ind1=" " ind2=" " tag="382">
            <subfield code="a">Orchester</subfield>
            <subfield code="n">1</subfield>
            <subfield code="2">idsmusi</subfield>
          </datafield>
          <datafield ind1="0" ind2=" " tag="490">
            <subfield code="a">Breitkopf &amp; Härtels Partitur-Bibliothek</subfield>
            <subfield code="v">Nr. 3207</subfield>
          </datafield>
          <datafield ind1=" " ind2="7" tag="655">
            <subfield code="a">Sinfonie</subfield>
            <subfield code="y">19. Jh.</subfield>
            <subfield code="2">idsmusg</subfield>
          </datafield>
          <datafield ind1=" " ind2=" " tag="690">
            <subfield code="a">Sinfonie</subfield>
            <subfield code="q">Orchester</subfield>
            <subfield code="t">19. Jh.</subfield>
            <subfield code="v">Noten</subfield>
            <subfield code="2">ids-music</subfield>
          </datafield>
          <datafield ind1="0" ind2="1" tag="852">
            <subfield code="a">41SLSP_BFH</subfield>
            <subfield code="6">99116704562405513</subfield>
            <subfield code="9">P</subfield>
          </datafield>
        </record>
      </recordData>
      <recordIdentifier>991105576979705501</recordIdentifier>
      <recordPosition>1</recordPosition>
    </record>
  </records>
  <extraResponseData xmlns:xb="http://www.exlibris.com/repository/search/xmlbeans/">
    <xb:exact>true</xb:exact>
    <xb:responseDate>2025-03-08T01:09:46+0100</xb:responseDate>
  </extraResponseData>
</searchRetrieveResponse>